<?xml version="1.0" encoding="UTF-8"?><collection xmlns="http://www.loc.gov/MARC21/slim"><record><leader>00415nam--2200133-i-4500</leader><controlfield tag="001">000036400</controlfield><controlfield tag="002">20161230</controlfield><controlfield tag="005">20161230201040</controlfield><controlfield tag="008">060222s1000------------r-----000-0-eng-d</controlfield><datafield ind1=" " ind2=" " tag="100"><subfield code="a">Porzel, Richard Und Stamm, Hans</subfield></datafield><datafield ind1=" " ind2=" " tag="245"><subfield code="a">Electronische messverfahren. mit 207 bildern und 15 tafeln</subfield></datafield><datafield ind1=" " ind2=" " tag="260"><subfield code="a">Berlin, Veb Verlag Technik, /F.An./, 219p</subfield></datafield><datafield ind1=" " ind2=" " tag="490"><subfield code="a">Ausgewahlte Probleme Der Hochspannungs-technik</subfield></datafield><datafield ind1=" " ind2=" " tag="852"><subfield code="a">35706</subfield></datafield></record></collection>